@article{bettencourt2008,
  author  = {Bettencourt, L. M. A. and Ribeiro, Ru. M.},
  journal = {PLOS ONE},
  title   = {Real Time Bayesian Estimation of the Epidemic Potential of Emerging Infectious Diseases},
  year    = {2008},
  month   = {05},
  volume  = {3},
  pages   = {1-9},
  number  = {5}
}

@online{systrom2020,
  author = {Systrom, K.},
  title  = {The Metric We Need to Manage COVID-19},
  date   = {2020-04-12},
  url    = {http://systrom.com/blog/the-metric-we-need-to-manage-covid-19}
}